@inproceedings{autonomous,
  Author = {Mitchell Waldrop},
  title = {Autonomous vehicles: No drivers required},
  year = {2015},
  pages = {20--23},
  publisher = {Nature},
}

@inproceedings{traffic-flow,
          volume = {7},
          number = {4},
           month = {December},
          author = {Bart van {Arem} and Cornelie J.G. van {Driel} and Ruben {Visser}},
           title = {The Impact of Cooperative Adaptive Cruise Control on Traffic-Flow Characteristics},
       publisher = {IEEE},
            year = {2006},
         journal = {IEEE Transactions on Intelligent Transportation Systems},
           pages = {429--436},
}

@article{reduce-pollution,
  Author = {Melanie Zanona},
  title = {How driverless cars can reduce pollution},
  year = {2016},
  publisher = {The Hill},
}

@article{traffic-accident,
  Author = {Paul {Gao} and Russell {Hensley} and Andreas {Zielke}},
  title = {A road map to the future for the auto industry},
  year = {2014},
  publisher = {McKinsey},
}

@article{maker,
  Author = {James Fallows},
  title = {Why the Maker Movement Matters},
  year = {2016},
  publisher = {The Atlantic Monthly Group},
}

@inproceedings{Duckietown,
  Author = "Jacopo Tani, Liam Paull, Maria Zuber, Daniela Rus, Jonathan How, John Leonard, Andrea Censi",
  title = "{D}uckietown: an {I}nnovative {W}ay to {T}each {A}utonomy",
  year = 2016,
}

@InProceedings{rtes,
	author = {Petr Hosek and Tomas Pop and Tomas Bures and Petr Hnetynka and Michal Malohlava},
	title = {Comparison of Component Frameworks for Real-time Embedded Systems},
	booktitle = {Component Based Software Engineering (CBSE 2010)},
	year = {2010},
	month = {6},
	location = {Prague, Czech Republic},
}

@online{arctic-core,
  title = {Arctic Core for AUTOSAR version 3.1},
  url = {https://www.arccore.com/products/arctic-core/arctic-core-for-autosar-v31},
  urldate = {2017-03-19},
}

@online{ROS,
  title = {ROS - Robot Operating System},
  url = {http://www.ros.org/},
  urldate = {2017-03-19},
}

@INPROCEEDINGS{player/stage,
    author = {Brian P. Gerkey and Richard T. Vaughan and Andrew Howard},
    title = {The Player/Stage Project: Tools for Multi-Robot and Distributed Sensor Systems},
    booktitle = {In Proceedings of the 11th International Conference on Advanced Robotics},
    year = {2003},
    pages = {317--323},
}

@article{RTOS,
  author = {Walter Cedeño and Phillip A. Laplante},
  title = {An Overview of Real-Time Operating Systems},
  journal = {JALA: Journal of the Association for Laboratory Automation},
  volume = {12},
  number = {1},
  pages = {40-45},
  year = {2007},
}

@online{Xenomai,
  title = {Xenomai – Real-time framework for Linux},
  url = {https://xenomai.org/},
}

@inproceedings{rtlws2015,
  author = {Ching-Chun Huang and Chan-Hsiang Lin and Che-Kang Wu},
  title = {Performance Evaluation of Xenomai 3},
  publisher = {Real-Time Linux Workshop},
  year = {2015},
}

@online{WiringPi,
  title = {Wiring Pi, GPIO Interface library for the Raspberry Pi},
  url = {http://wiringpi.com/},
  urldate = {2017-03-19},
=======
@online{cyclictest,
  title = {Cyclictest},
  url = {https://rt.wiki.kernel.org/index.php/Cyclictest},
  urldate = {2017-03-19}
}

@online{KML,
  Author = {Toshiyuki Maeda},
  title = {Kernel Mode Linux : Execute user processes in kernel mode},
  url = {http://web.yl.is.s.u-tokyo.ac.jp/~tosh/kml/},
  urldate = {2017-03-19}
}

@inproceedings{KMLConf,
  Author = {Maeda T., Yonezawa A.},
  title = {Kernel Mode Linux: Toward an Operating System Protected by a Type Theory},
  booktitle = {ASIAN 2003: Advances in Computing Science – ASIAN 2003. Progamming Languages and Distributed Computation Programming Languages and Distributed Computation},
  year = {2003},
  location = {Mumbai, India},
  pages = {3--17},
  numpages = {15},
  publisher = {Springer},
  address = {Berlin, DE},
}

@online{rt-tests,
  title = {Suite of real-time tests},
  url = {https://git.kernel.org/pub/scm/utils/rt-tests/rt-tests.git},
  urldate = {2017-03-19}
}

@inproceedings{Lozi:2016:LSD:2901318.2901326,
 author = {Lozi, Jean-Pierre and Lepers, Baptiste and Funston, Justin and Gaud, Fabien and Qu{\'e}ma, Vivien and Fedorova, Alexandra},
 title = {The Linux Scheduler: A Decade of Wasted Cores},
 booktitle = {Proceedings of the Eleventh European Conference on Computer Systems},
 series = {EuroSys '16},
 year = {2016},
 isbn = {978-1-4503-4240-7},
 location = {London, United Kingdom},
 pages = {1:1--1:16},
 articleno = {1},
 numpages = {16},
 url = {http://doi.acm.org/10.1145/2901318.2901326},
 doi = {10.1145/2901318.2901326},
 acmid = {2901326},
 publisher = {ACM},
 address = {New York, NY, USA},
}

@online{preemptrt,
  title = {realtime:start [Linux Foundation Wiki]},
  url = {https://wiki.linuxfoundation.org/realtime/start},
  urldate = {2017-03-19}
}

@online{buildroot,
  title = {Buildroot Making Embedded Linux Easy},
  url = {https://buildroot.org/},
  urldate = {2017-03-19}
}

@online{tickless,
  Author = {Jonathan Corbet},
  Title = {(Nearly) full tickless operation in 3.10},
  date = {2013-5-8},
  url = {https://lwn.net/Articles/549580/},
  urldate = {2017-03-19}
}

@online{isolatedcpu,
  Author = {Max Krasnyanskiy},
  Title = {CPU isolation extensions},
  date = {2008-2-21},
  url = {https://lwn.net/Articles/270623/},
  urldate = {2017-03-19}
}

@online{vDSO,
  Title = {vdso - overview of the virtual ELF dynamic shared object},
  date = {2016-05-09},
  url = {http://man7.org/linux/man-pages/man7/vdso.7.html},
  urldate = {2017-03-19}
}

@online{perf,
  Title = {Perf Wiki},
  url = {https://perf.wiki.kernel.org/index.php/Main_Page},
  urldate = {2017-03-19}
}
